<?xml version="1.0" encoding="UTF-8"?><collection xmlns="http://www.loc.gov/MARC21/slim"><record><leader>00677nam--2200181-i-4500</leader><controlfield tag="001">000005550</controlfield><controlfield tag="002">20161230</controlfield><controlfield tag="005">20161230201026</controlfield><controlfield tag="008">060222s1000------------r-----000-0-eng-d</controlfield><datafield ind1=" " ind2=" " tag="040"><subfield code="a">IFIN-HH</subfield></datafield><datafield ind1=" " ind2=" " tag="080"><subfield code="a">539.26(083)</subfield></datafield><datafield ind1="1" ind2=" " tag="100"><subfield code="a">Fang, J.H</subfield></datafield><datafield ind1="1" ind2="0" tag="245"><subfield code="a">X-ray diffraction tables</subfield><subfield code="b">DETERMINATION OF d, SIN2O, OR q FOR 0.01 (DEGREE) INTERVALS FOR 2O FR THE WAVELENGHTS Ka, Ka1, AND K(BETA)OF COPPER, IRON, MOLYBDENUM, AND CHROMIUM RADIATIONS AND FOR La1 OF TUNGSTEN</subfield><subfield code="c">J.h. fang, f. donald bloss</subfield></datafield><datafield ind1=" " ind2=" " tag="260"><subfield code="a">Carbondale</subfield><subfield code="b">Southern Illinois University Press</subfield><subfield code="c">1966</subfield></datafield><datafield ind1=" " ind2=" " tag="300"><subfield code="a">/PAG.DIF.</subfield></datafield><datafield ind1="1" ind2=" " tag="700"><subfield code="a">Bloss, F. Donald</subfield></datafield><datafield ind1=" " ind2=" " tag="852"><subfield code="a">77283</subfield><subfield code="c">537.531</subfield></datafield><datafield ind1=" " ind2=" " tag="CAT"><subfield code="a">Sys</subfield><subfield code="c">20110810</subfield><subfield code="h">151417</subfield></datafield></record></collection>